@article{Hefferon04,
	author = "Jim Hefferon",
	title= "{CTAN} for {S}tarters",
	year= "2004",
	journal = "{TUGB}oat",
	volume = "25",
	number = "2",
	pages= "126--127"
}

@article{einstein,
    author =       "Albert Einstein",
    title =        "{Zur Elektrodynamik bewegter K{\"o}rper}. ({German})
        [{On} the electrodynamics of moving bodies]",
    journal =      "Annalen der Physik",
    volume =       "322",
    number =       "10",
    pages =        "891--921",
    year =         "1905",
    DOI =          "http://dx.doi.org/10.1002/andp.19053221004"
}

@book{latexcompanion,
    author    = "Michel Goossens and Frank Mittelbach and Alexander Samarin",
    title     = "The \LaTeX\ Companion",
    year      = "1993",
    publisher = "Addison-Wesley",
    address   = "Reading, Massachusetts"
}

@book{eagle,
    author    = "Scarpino Mic",
    title     = "Designing Circuit Boards with EAGLE",
    year      = "2014",
    publisher = "Edward Brothers Malloy",
    address   = "Michigan"
}

@book{embedded,
    author    = "Heath Sss",
    title     = "Embedded Systems Design",
    year      = "2003",
    publisher = "Butterwoth-Heinemann",
    address   = "Oxford"
}

@misc{tpu,
    author    = "Colin Riley",
    title     = "Designing a Processor in VHDL.",
    url       = "http://labs.domipheus.com/blog/designing-a-cpu-in-vhdl-part-1-rationale-tools-method"
}

@misc{knuthwebsite,
    author    = "Donald Knuth",
    title     = "Knuth: Computers and Typesetting",
    url       = "http://www-cs-faculty.stanford.edu/\~{}uno/abcde.html"
}